<record><leader>00000cas a22000007a 4500</leader><controlfield tag="001">19737354</controlfield><controlfield tag="008">890519d18901943mauwr ne      0    0eng d</controlfield><datafield ind1=" " ind2=" " tag="010"><subfield code="a">sn 89062067 </subfield></datafield><datafield ind1=" " ind2=" " tag="040"><subfield code="a">MGN</subfield><subfield code="b">eng</subfield><subfield code="c">MGN</subfield><subfield code="d">OCLCQ</subfield></datafield><datafield ind1=" " ind2=" " tag="042"><subfield code="a">msc</subfield></datafield><datafield ind1="0" ind2="4" tag="245"><subfield code="a">The Hyannis patriot.</subfield></datafield><datafield ind1=" " ind2=" " tag="260"><subfield code="a">Hyannis [Barnstable], Mass. :</subfield><subfield code="b">F.B. &amp; F.P. Goss</subfield></datafield><datafield ind1=" " ind2=" " tag="300"><subfield code="a">v.</subfield></datafield><datafield ind1=" " ind2=" " tag="310"><subfield code="a">Weekly</subfield></datafield><datafield ind1="1" ind2=" " tag="362"><subfield code="a">Began in 1890.</subfield></datafield><datafield ind1="0" ind2=" " tag="362"><subfield code="a">-v. 54, no. 9 (Mar. 18, 1943).</subfield></datafield><datafield ind1=" " ind2=" " tag="588"><subfield code="a">Description based on: Vol. 4, no. 42 (Jan. 2, 1894).</subfield></datafield><datafield ind1=" " ind2=" " tag="752"><subfield code="a">United States</subfield><subfield code="b">Massachusetts</subfield><subfield code="c">Barnstable</subfield><subfield code="d">Barnstable.</subfield></datafield><datafield ind1=" " ind2=" " tag="752"><subfield code="a">United States</subfield><subfield code="b">Massachusetts</subfield><subfield code="c">Barnstable</subfield><subfield code="d">Hyannis.</subfield></datafield><datafield ind1="0" ind2="4" tag="785"><subfield code="t">Barnstable partiot</subfield><subfield code="w">(DLC)sn 82004643</subfield></datafield></record>